Automatically generated by Mendeley Desktop 1.17.12
Any changes to this file will be lost if it is regenerated by Mendeley.

BibTeX export options can be customized via Preferences -> BibTeX in Mendeley Desktop

@article{Bryant2012,
author = {Bryant, D. and Bouckaert, R. and Felsenstein, J. and Rosenberg, N. A. and RoyChoudhury, A.},
doi = {10.1093/molbev/mss086},
file = {:Users/cochrabj/Library/Application Support/Mendeley Desktop/Downloaded/Bryant et al. - 2012 - Inferring Species Trees Directly from Biallelic Genetic Markers Bypassing Gene Trees in a Full Coalescent Analysi.pdf:pdf},
issn = {0737-4038},
journal = {Molecular Biology and Evolution},
month = {aug},
number = {8},
pages = {1917--1932},
publisher = {Oxford University Press},
title = {{Inferring Species Trees Directly from Biallelic Genetic Markers: Bypassing Gene Trees in a Full Coalescent Analysis}},
url = {http://mbe.oxfordjournals.org/cgi/doi/10.1093/molbev/mss086},
volume = {29},
year = {2012}
}
