Automatically generated by Mendeley Desktop 1.17.12
Any changes to this file will be lost if it is regenerated by Mendeley.

BibTeX export options can be customized via Preferences -> BibTeX in Mendeley Desktop

@article{Hinnebusch2016,
abstract = {The eukaryotic 5' untranslated region (UTR) is critical for ribosome recruitment to the messenger RNA (mRNA) and start codon choice and plays a major role in the control of translation efficiency and shaping the cellular proteome. The ribosomal initiation complex is assembled on the mRNA via a cap-dependent or cap-independent mechanism. We describe various mechanisms controlling ribosome scanning and initiation codon selection by 5' upstream open reading frames, translation initiation factors, and primary and secondary structures of the 5'UTR, including particular sequence motifs. We also discuss translational control via phosphorylation of eukaryotic initiation factor 2, which is implicated in learning and memory, neurodegenerative diseases, and cancer.},
author = {Hinnebusch, Alan G and Ivanov, Ivaylo P and Sonenberg, Nahum and Hinnebusch, A. G. and Kozak, M. and Starck, S. R. and Jiang, V. and Pavon-Eternod, M. and Prasad, S. and McCarthy, B. and Pan, T. and Shastri, N. and Loughran, G. and Sachs, M. S. and Atkins, J. F. and Ivanov, I. P. and Ivanov, I. P. and Loughran, G. and Sachs, M. S. and Atkins, J. F. and Donahue, T. F. and Cigan, A. M. and Pabich, E. K. and Valavicius, B. Castilho and Berthelot, K. and Muldoon, M. and Rajkowitsch, L. and Hughes, J. and McCarthy, J. E. and Pestova, T. V. and Kolupaeva, V. G. and Arribere, J. A. and Gilbert, W. V. and Sedman, S. A. and Gelembiuk, G. W. and Mertz, J. E. and Sinvani, H. and Haimov, O. and Svitkin, Y. and Sonenberg, N. and Tamarkin-Ben-Harush, A. and Viollet, B. and Dikstein, R. and Kozak, M. and Koromilas, A. E. and Lazaris-Karatzas, A. and Sonenberg, N. and Abaeva, I. S. and Marintchev, A. and Pisareva, V. P. and Hellen, C. U. and Pestova, T. V. and Sen, N. D. and Zhou, F. and Ingolia, N. T. and Hinnebusch, A. G. and Rubio, C. A. and Weisburd, B. and Holderfield, M. and Arias, C. and Fang, E. and DeRisi, J. L. and Fanidi, A. and Wolfe, A. L. and Singh, K. and Zhong, Y. and Drewe, P. and Rajasekhar, V. K. and Sanghvi, V. R. and Mavrakis, K. J. and Jiang, M. and Roderick, J. E. and der Meulen, J. Van and Schatz, J. H. and Rodrigo, C. M. and Zhao, C. and Rondou, P. and de Stanchina, E. and Teruya-Feldstein, J. and Kelliher, M. A. and Speleman, F. and Porco, J. A. and Pelletier, J. and R{\"{a}}tsch, G. and Wendel, H. G. and Svitkin, Y. V. and Pause, A. and Haghighat, A. and Pyronnet, S. and Witherell, G. and Belsham, G. J. and Sonenberg, N. and Pelletier, J. and Sonenberg, N. and Soto-Rifo, R. and Rubilar, P. S. and Limousin, T. and de Breyne, S. and D{\'{e}}cimo, D. and Ohlmann, T. and Ingolia, N. T. and Ghaemmaghami, S. and Newman, J. R. and Weissman, J. S. and Lee, S. and Liu, B. and Lee, S. and Huang, S. X. and Shen, B. and Qian, S. B. and Johnstone, T. G. and Bazzini, A. A. and Giraldez, A. J. and Vanderperre, B. and Lucier, J. F. and Bissonnette, C. and Motard, J. and Tremblay, G. and Vanderperre, S. and Wisztorski, M. and Salzet, M. and Boisvert, F. M. and Roucou, X. and Zhang, F. and Hinnebusch, A. G. and Gerashchenko, M. V. and Gladyshev, V. N. and Calvo, S. E. and Pagliarini, D. J. and Mootha, V. K. and Brar, G. A. and Yassour, M. and Friedman, N. and Regev, A. and Ingolia, N. T. and Weissman, J. S. and Gaba, A. and Jacobson, A. and Sachs, M. S. and Werner, M. and Feller, A. and Messenguy, F. and Pi{\'{e}}rard, A. and Wei, J. and Wu, C. and Sachs, M. S. and Raney, A. and Law, G. L. and Mize, G. J. and Morris, D. R. and Ivanov, I. P. and Atkins, J. F. and Michael, A. J. and Andreev, D. E. and O'Connor, P. B. and Fahey, C. and Kenny, E. M. and Terenin, I. M. and Dmitriev, S. E. and Cormican, P. and Morris, D. W. and Shatsky, I. N. and Baranov, P. V. and Young, S. K. and Willy, J. A. and Wu, C. and Sachs, M. S. and Wek, R. C. and Hinnebusch, A. G. and Lu, P. D. and Harding, H. P. and Ron, D. and Vattem, K. M. and Wek, R. C. and Szamecz, B. and Rutkai, E. and Cuchalov{\'{a}}, L. and Munzarov{\'{a}}, V. and Herrmannov{\'{a}}, A. and Nielsen, K. H. and Burela, L. and Hinnebusch, A. G. and Val{\'{a}}sek, L. and Luttermann, C. and Meyers, G. and Zinoviev, A. and Hellen, C. U. and Pestova, T. V. and Chappell, S. A. and Dresios, J. and Edelman, G. M. and Mauro, V. P. and Weingarten-Gabbay, S. and Elias-Kirma, S. and Nir, R. and Gritsenko, A. A. and Stern-Ginossar, N. and Yakhini, Z. and Weinberger, A. and Segal, E. and Park, H. S. and Himmelbach, A. and Browning, K. S. and Hohn, T. and Ryabova, L. A. and Roy, B. and Vaughn, J. N. and Kim, B. H. and Zhou, F. and Gilchrist, M. A. and Arnim, A. G. Von and Schleich, S. and Strassburger, K. and Janiesch, P. C. and Koledachkina, T. and Miller, K. K. and Haneke, K. and Cheng, Y. S. and K{\"{u}}chler, K. and Stoecklin, G. and Duncan, K. E. and Teleman, A. A. and Costa-Mattioli, M. and Gobert, D. and Harding, H. and Herdy, B. and Azzi, M. and Bruno, M. and Bidinosti, M. and Mamou, C. Ben and Marcinkiewicz, E. and Yoshida, M. and Imataka, H. and Cuello, A. C. and Seidah, N. and Sossin, W. and Lacaille, J. C. and Ron, D. and Nader, K. and Sonenberg, N. and Wethmar, K. and B{\'{e}}gay, V. and Smink, J. J. and Zaragoza, K. and Wiesenthal, V. and D{\"{o}}rken, B. and Calkhoven, C. F. and Leutz, A. and Medenbach, J. and Seiler, M. and Hentze, M. W. and Somers, J. and Wilson, L. A. and Kilday, J. P. and Horvilleur, E. and Cannell, I. G. and P{\"{o}}yry, T. A. and Cobbold, L. C. and Kondrashov, A. and Knight, J. R. and Puget, S. and Grill, J. and Grundy, R. G. and Bushell, M. and Willis, A. E. and Tcherkezian, J. and Cargnello, M. and Romeo, Y. and Huttlin, E. L. and Lavoie, G. and Gygi, S. P. and Roux, P. P. and Gandin, V. and Masvidal, L. and Hulea, L. and Gravel, S. P. and Cargnello, M. and McLaughlan, S. and Cai, Y. and Balanathan, P. and Morita, M. and Rajakumar, A. and Furic, L. and Pollak, M. and Porco, J. A. and St-Pierre, J. and Pelletier, J. and Larsson, O. and Topisirovic, I. and Meyer, K. D. and Patil, D. P. and Zhou, J. and Zinoviev, A. and Skabkin, M. A. and Elemento, O. and Pestova, T. V. and Qian, S. B. and Jaffrey, S. R. and Shirokikh, N. E. and Spirin, A. S. and Agalarov, S. Ch. and Sakharov, P. A. and Fattakhova, D. Kh. and Sogorin, E. A. and Spirin, A. S. and Algire, M. A. and Maag, D. and Savio, P. and Acker, M. G. and Tarun, S. Z. and Sachs, A. B. and Asano, K. and Nielsen, K. H. and Olsen, D. S. and Phan, L. and Hinnebusch, A. G. and Lorsch, J. R. and Gilbert, W. V. and Zhou, K. and Butler, T. K. and Doudna, J. A. and Kieft, J. S. and Jackson, R. J.},
doi = {10.1126/science.aad9868},
file = {:Users/cochrabj/Library/Application Support/Mendeley Desktop/Downloaded/Hinnebusch et al. - 2016 - Translational control by 5'-untranslated regions of eukaryotic mRNAs.pdf:pdf},
issn = {1095-9203},
journal = {Science (New York, N.Y.)},
month = {jun},
number = {6292},
pages = {1413--6},
pmid = {27313038},
publisher = {American Association for the Advancement of Science},
title = {{Translational control by 5'-untranslated regions of eukaryotic mRNAs.}},
url = {http://www.ncbi.nlm.nih.gov/pubmed/27313038},
volume = {352},
year = {2016}
}
@article{Alvarez2015,
author = {Alvarez, Mariano and Schrey, Aaron W. and Richards, Christina L.},
doi = {10.1111/mec.13055},
file = {:Users/cochrabj/Library/Application Support/Mendeley Desktop/Downloaded/Alvarez, Schrey, Richards - 2015 - Ten years of transcriptomics in wild populations what have we learned about their ecology and evoluti.pdf:pdf},
issn = {09621083},
journal = {Molecular Ecology},
keywords = {RNAseq,ecological transcriptome,gene expression,microarrays,transcriptomics},
month = {feb},
number = {4},
pages = {710--725},
title = {{Ten years of transcriptomics in wild populations: what have we learned about their ecology and evolution?}},
url = {http://doi.wiley.com/10.1111/mec.13055},
volume = {24},
year = {2015}
}
@article{Riddihough2016,
author = {Riddihough, Guy},
doi = {10.1126/science.352.6292.1406},
issn = {1095-9203},
journal = {Science (New York, N.Y.)},
month = {jun},
number = {6292},
pages = {1406--7},
pmid = {27313036},
publisher = {American Association for the Advancement of Science},
title = {{Signals in RNA.}},
url = {http://www.ncbi.nlm.nih.gov/pubmed/27313036},
volume = {352},
year = {2016}
}
@article{Sullenger2016,
abstract = {The study of RNA has continually emphasized the structural and functional versatility of RNA molecules. This versatility has inspired translational and clinical researchers to explore the utility of RNA-based therapeutic agents for a wide variety of medical applications. Several RNA therapeutics, with diverse modes of action, are being evaluated in large late-stage clinical trials, and many more are in early clinical development. Hundreds of patients are enrolled in large trials testing messenger RNAs to combat cancer, small interfering RNAs to treat renal and hepatic disorders, and aptamers to combat ocular and cardiovascular disease. Results from these studies are generating considerable interest among the biomedical community and the public and will be important for the future development of this emerging class of therapeutic agents.},
author = {Sullenger, Bruce A and Nair, Smita and Burnett, J. C. and Rossi, J. J. and Drolet, D. W. and Green, L. S. and Gold, L. and Janjic, N. and Cech, T. R. and Steitz, J. A. and Benteyn, D. and Heirman, C. and Bonehill, A. and Thielemans, K. and Breckpot, K. and Bringmann, A. and Held, S. A. and Heine, A. and Brossart, P. and Lint, S. Van and Renmans, D. and Broos, K. and Dewitte, H. and Lentacker, I. and Heirman, C. and Breckpot, K. and Thielemans, K. and Amin, A. and Dudek, A. Z. and Logan, T. F. and Lance, R. S. and Holzbeierlein, J. M. and Knox, J. J. and Master, V. A. and Pal, S. K. and Miller, W. H. and Karsh, L. I. and Tcherepanova, I. Y. and DeBenedette, M. A. and Williams, W. L. and Plessinger, D. C. and Nicolette, C. A. and Figlin, R. A. and Allard, S. D. and Keersmaecker, B. De and de Goede, A. L. and Verschuren, E. J. and Koetsveld, J. and Reedijk, M. L. and Wylock, C. and Bel, A. V. De and Vandeloo, J. and Pistoor, F. and Heirman, C. and Beyer, W. E. P. and Eilers, P. H. C. and Corthals, J. and Padmos, I. and Thielemans, K. and Osterhaus, A. D. M. E. and Lacor, P. and van der Ende, M. E. and Aerts, J. L. and van Baalen, C. A. and Gruters, R. A. and Gulck, E. Van and Vlieghe, E. and Vekemans, M. and Tendeloo, V. F. Van and Velde, A. Van De and Smits, E. and Anguille, S. and Cools, N. and Goossens, H. and Mertens, L. and Haes, W. De and Wong, J. and Florence, E. and Vanham, G. and Berneman, Z. N. and Tendeloo, V. F. Van and Ponsaerts, P. and Lardon, F. and Nijs, G. and Lenjou, M. and Broeckhoven, C. Van and Bockstaele, D. R. Van and Berneman, Z. N. and Nuffel, A. M. Van and Benteyn, D. and Wilgenhof, S. and Corthals, J. and Heirman, C. and Neyns, B. and Thielemans, K. and Bonehill, A. and Mitchell, D. A. and Batich, K. A. and Gunn, M. D. and Huang, M. N. and Sanchez-Perez, L. and Nair, S. K. and Congdon, K. L. and Reap, E. A. and Archer, G. E. and Desjardins, A. and Friedman, A. H. and Friedman, H. S. and Herndon, J. E. and Coan, A. and McLendon, R. E. and Reardon, D. A. and Vredenburgh, J. J. and Bigner, D. D. and Sampson, J. H. and Hoerr, I. and Obst, R. and Rammensee, H. G. and Jung, G. and Granstein, R. D. and Ding, W. and Ozawa, H. and Sahin, U. and Karik{\'{o}}, K. and T{\"{u}}reci, {\"{O}}. and Zhao, Y. and Moon, E. and Carpenito, C. and Paulos, C. M. and Liu, X. and Brennan, A. L. and Chew, A. and Carroll, R. G. and Scholler, J. and Levine, B. L. and Albelda, S. M. and June, C. H. and Yoon, S. H. and Lee, J. M. and Cho, H. I. and Kim, E. K. and Kim, H. S. and Park, M. Y. and Kim, T. G. and Beatty, G. L. and Haas, A. R. and Maus, M. V. and Torigian, D. A. and Soulen, M. C. and Plesa, G. and Chew, A. and Zhao, Y. and Levine, B. L. and Albelda, S. M. and Kalos, M. and June, C. H. and Lee, J. and Dollins, C. M. and Boczkowski, D. and Sullenger, B. A. and Nair, S. and Warren, L. and Manos, P. D. and Ahfeldt, T. and Loh, Y. H. and Li, H. and Lau, F. and Ebina, W. and Mandal, P. K. and Smith, Z. D. and Meissner, A. and Daley, G. Q. and Brack, A. S. and Collins, J. J. and Cowan, C. and Schlaeger, T. M. and Rossi, D. J. and Niu, Y. and Shen, B. and Cui, Y. and Chen, Y. and Wang, J. and Wang, L. and Kang, Y. and Zhao, X. and Si, W. and Li, W. and Xiang, A. P. and Zhou, J. and Guo, X. and Bi, Y. and Si, C. and Hu, B. and Dong, G. and Wang, H. and Zhou, Z. and Li, T. and Tan, T. and Pu, X. and Wang, F. and Ji, S. and Zhou, Q. and Huang, X. and Ji, W. and Sha, J. and McClorey, G. and Wood, M. J. and Fire, A. and Xu, S. and Montgomery, M. K. and Kostas, S. A. and Driver, S. E. and Mello, C. C. and Elbashir, S. M. and Harborth, J. and Lendeckel, W. and Yalcin, A. and Weber, K. and Tuschl, T. and Bobbin, M. L. and Rossi, J. J. and Nemunaitis, J. and Barve, M. and Orr, D. and Kuhn, J. and Magee, M. and Lamont, J. and Bedell, C. and Wallraven, G. and Pappen, B. O. and Roth, A. and Horvath, S. and Nemunaitis, D. and Kumar, P. and Maples, P. B. and Senzer, N. and Garba, A. O. and Mousa, S. A. and Vigneswara, V. and Akpan, N. and Berry, M. and Logan, A. and Troy, C. M. and Ahmed, Z. and Ramos, A. M. and Gonz{\'{a}}lez-Guerrero, C. and Sanz, A. and Sanchez-Ni{\~{n}}o, M. D. and Rodr{\'{i}}guez-Osorio, L. and Mart{\'{i}}n-Cleary, C. and Fern{\'{a}}ndez-Fern{\'{a}}ndez, B. and Ruiz-Ortega, M. and Ortiz, A. and Suhr, O. B. and Coelho, T. and Buades, J. and Pouget, J. and Conceicao, I. and Berk, J. and Schmidt, H. and Waddington-Cruz, M. and Campistol, J. M. and Bettencourt, B. R. and Vaishnaw, A. and Gollob, J. and Adams, D. and Hanna, M. and Sullenger, B. A. and Gallardo, H. F. and Ungers, G. E. and Gilboa, E. and Mehan, M. R. and Ostroff, R. and Wilcox, S. K. and Steele, F. and Schneider, D. and Jarvis, T. C. and Baird, G. S. and Gold, L. and Janjic, N. and Rusconi, C. P. and Scardino, E. and Layzer, J. and Pitoc, G. A. and Ortel, T. L. and Monroe, D. and Sullenger, B. A. and Lincoff, A. M. and Mehran, R. and Povsic, T. J. and Zelenkofske, S. L. and Huang, Z. and Armstrong, P. W. and Steg, P. G. and Bode, C. and Cohen, M. G. and Buller, C. and Laanmets, P. and Valgimigli, M. and Marandi, T. and Fridrich, V. and Cantor, W. J. and Merkely, B. and Lopez-Sendon, J. and Cornel, J. H. and Kasprzak, J. D. and Aschermann, M. and Guetta, V. and Morais, J. and Sinnaeve, P. R. and Huber, K. and Stables, R. and Sellers, M. A. and Borgman, M. and Glenn, L. and Levinson, A. I. and Lopes, R. D. and Hasselblad, V. and Becker, R. C. and Alexander, J. H. and Ganson, N. J. and Povsic, T. J. and Sullenger, B. A. and Alexander, J. H. and Zelenkofske, S. L. and Sailstad, J. M. and Rusconi, C. P. and Hershfield, M. S. and Lan, N. and Howrey, R. P. and Lee, S. W. and Smith, C. A. and Sullenger, B. A. and Doudna, J. A. and Charpentier, E. and Kim, Y. H. and Kim, K. T. and Lee, S. J. and Hong, S. H. and Moon, J. Y. and Yoon, E. K. and Kim, S. and Kim, E. O. and Kang, S. H. and Kim, S. K. and Choi, S. I. and Goh, S. H. and Kim, D. and Lee, S. W. and Ju, M. H. and Jeong, J. S. and Kim, I. H.},
doi = {10.1126/science.aad8709},
file = {:Users/cochrabj/Library/Application Support/Mendeley Desktop/Downloaded/Sullenger et al. - 2016 - From the RNA world to the clinic.pdf:pdf},
issn = {1095-9203},
journal = {Science (New York, N.Y.)},
month = {jun},
number = {6292},
pages = {1417--20},
pmid = {27313039},
publisher = {American Association for the Advancement of Science},
title = {{From the RNA world to the clinic.}},
url = {http://www.ncbi.nlm.nih.gov/pubmed/27313039},
volume = {352},
year = {2016}
}
@article{Gilbert2016,
abstract = {RNA contains more than 100 distinct modifications that promote the functions of stable noncoding RNAs in translation and splicing. Recent technical advances have revealed widespread and sparse modification of messenger RNAs with N(6)-methyladenosine (m(6)A), 5-methylcytosine (m(5)C), and pseudouridine ($\Psi$). Here we discuss the rapidly evolving understanding of the location, regulation, and function of these dynamic mRNA marks, collectively termed the epitranscriptome. We highlight differences among modifications and between species that could instruct ongoing efforts to understand how specific mRNA target sites are selected and how their modification is regulated. Diverse molecular consequences of individual m(6)A modifications are beginning to be revealed, but the effects of m(5)C and $\Psi$ remain largely unknown. Future work linking molecular effects to organismal phenotypes will broaden our understanding of mRNA modifications as cell and developmental regulators.},
author = {Gilbert, Wendy V and Bell, Tristan A and Schaening, Cassandra and Davis, F. F. and Allen, F. W. and Machnicka, M. A. and Milanowska, K. and Oglou, O. Osman and Purta, E. and Kurkowska, M. and Olchowik, A. and Januszewski, W. and Kalinowski, S. and Dunin-Horkawicz, S. and Rother, K. M. and Helm, M. and Bujnicki, J. M. and Grosjean, H. and Perry, R. P. and Kelley, D. E. and Desrosiers, R. and Friderici, K. and Rottman, F. and Dominissini, D. and Moshitch-Moshkovitz, S. and Schwartz, S. and Salmon-Divon, M. and Ungar, L. and Osenberg, S. and Cesarkas, K. and Jacob-Hirsch, J. and Amariglio, N. and Kupiec, M. and Sorek, R. and Rechavi, G. and Meyer, K. D. and Saletore, Y. and Zumbo, P. and Elemento, O. and Mason, C. E. and Jaffrey, S. R. and Chen, K. and Lu, Z. and Wang, X. and Fu, Y. and Luo, G. Z. and Liu, N. and Han, D. and Dominissini, D. and Dai, Q. and Pan, T. and He, C. and Linder, B. and Grozhik, A. V. and Olarerin-George, A. O. and Meydan, C. and Mason, C. E. and Jaffrey, S. R. and Schwartz, S. and Agarwala, S. D. and Mumbach, M. R. and Jovanovic, M. and Mertins, P. and Shishkin, A. and Tabach, Y. and Mikkelsen, T. S. and Satija, R. and Ruvkun, G. and Carr, S. A. and Lander, E. S. and Fink, G. R. and Regev, A. and Bakin, A. and Ofengand, J. and Li, X. and Zhu, P. and Ma, S. and Song, J. and Bai, J. and Sun, F. and Yi, C. and Carlile, T. M. and Rojas-Duran, M. F. and Zinshteyn, B. and Shin, H. and Bartoli, K. M. and Gilbert, W. V. and Schwartz, S. and Bernstein, D. A. and Mumbach, M. R. and Jovanovic, M. and Herbst, R. H. and Le{\'{o}}n-Ricardo, B. X. and Engreitz, J. M. and Guttman, M. and Satija, R. and Lander, E. S. and Fink, G. and Regev, A. and Lovejoy, A. F. and Riordan, D. P. and Brown, P. O. and Liu, N. and Pan, T. and Squires, J. E. and Patel, H. R. and Nousch, M. and Sibbritt, T. and Humphreys, D. T. and Parker, B. J. and Suter, C. M. and Preiss, T. and Schaefer, M. and Pollex, T. and Hanna, K. and Lyko, F. and Khoddami, V. and Cairns, B. R. and Zhang, R. and Li, X. and Ramaswami, G. and Smith, K. S. and Turecki, G. and Montgomery, S. B. and Li, J. B. and Deng, X. and Chen, K. and Luo, G. Z. and Weng, X. and Ji, Q. and Zhou, T. and He, C. and Edelheit, S. and Schwartz, S. and Mumbach, M. R. and Wurtzel, O. and Sorek, R. and Batista, P. J. and Molinie, B. and Wang, J. and Qu, K. and Zhang, J. and Li, L. and Bouley, D. M. and Lujan, E. and Haddad, B. and Daneshvar, K. and Carter, A. C. and Flynn, R. A. and Zhou, C. and Lim, K. S. and Dedon, P. and Wernig, M. and Mullen, A. C. and Xing, Y. and Giallourakis, C. C. and Chang, H. Y. and Jia, G. and Fu, Y. and Zhao, X. and Dai, Q. and Zheng, G. and Yang, Y. and Yi, C. and Lindahl, T. and Pan, T. and Yang, Y. G. and He, C. and Liu, J. and Yue, Y. and Han, D. and Wang, X. and Fu, Y. and Zhang, L. and Jia, G. and Yu, M. and Lu, Z. and Deng, X. and Dai, Q. and Chen, W. and He, C. and Ping, X.-L. and Sun, B. F. and Wang, L. and Xiao, W. and Yang, X. and Wang, W. J. and Adhikari, S. and Shi, Y. and Lv, Y. and Chen, Y. S. and Zhao, X. and Li, A. and Yang, Y. and Dahal, U. and Lou, X. M. and Liu, X. and Huang, J. and Yuan, W. P. and Zhu, X. F. and Cheng, T. and Zhao, Y. L. and Wang, X. and Danielsen, J. M. Rendtlew and Liu, F. and Yang, Y. G. and Geula, S. and Moshitch-Moshkovitz, S. and Dominissini, D. and Mansour, A. A. and Kol, N. and Salmon-Divon, M. and Hershkovitz, V. and Peer, E. and Mor, N. and Manor, Y. S. and Ben-Haim, M. S. and Eyal, E. and Yunger, S. and Pinto, Y. and Jaitin, D. A. and Viukov, S. and Rais, Y. and Krupalnik, V. and Chomsky, E. and Zerbib, M. and Maza, I. and Rechavi, Y. and Massarwa, R. and Hanna, S. and Amit, I. and Levanon, E. Y. and Amariglio, N. and Stern-Ginossar, N. and Novershtern, N. and Rechavi, G. and Hanna, J. H. and Bujnicki, J. M. and Feder, M. and Radlinska, M. and Blumenthal, R. M. and Shimba, S. and Bokar, J. A. and Rottman, F. and Reddy, R. and Urban, A. and Behm-Ansmant, I. and Branlant, C. and Motorin, Y. and Spitale, R.C. and Flynn, R. A. and Zhang, Q. C. and Crisalli, P. and Lee, B. and Jung, J. W. and Kuchelmeister, H. Y. and Batista, P. J. and Torre, E. A. and Kool, E. T. and Chang, H. Y. and Zheng, G. and Dahl, J. A. and Niu, Y. and Fedorcsak, P. and Huang, C. M. and Li, C. J. and V{\aa}gb{\o}, C. B. and Shi, Y. and Wang, W. L. and Song, S. H. and Lu, Z. and Bosmans, R. P. and Dai, Q. and Hao, Y. J. and Yang, X. and Zhao, W. M. and Tong, W. M. and Wang, X. J. and Bogdan, F. and Furu, K. and Fu, Y. and Jia, G. and Zhao, X. and Liu, J. and Krokan, H. E. and Klungland, A. and Yang, Y. G. and He, C. and Zhou, J. and Wan, J. and Gao, X. and Zhang, X. and Jaffrey, S. R. and Qian, S. B. and Meyer, K. D. and Patil, D. P. and Zhou, J. and Zinoviev, A. and Skabkin, M. A. and Elemento, O. and Pestova, T. V. and Qian, S. B. and Jaffrey, S. R. and Meyer, B. and Wurm, J. P. and K{\"{o}}tter, P. and Leisegang, M. S. and Schilling, V. and Buchhaupt, M. and Held, M. and Bahr, U. and Karas, M. and Heckel, A. and Bohnsack, M. T. and W{\"{o}}hnert, J. and Entian, K. D. and Shen, L. and Song, C.-X. and He, C. and Zhang, Y. and Wang, X. and Lu, Z. and Gomez, A. and Hon, G. C. and Yue, Y. and Han, D. and Fu, Y. and Parisien, M. and Dai, Q. and Jia, G. and Ren, B. and Pan, T. and He, C. and Wang, Y. and Li, Y. and Toth, J. I. and Petroski, M. D. and Zhang, Z. and Zhao, J. C. and Zhao, X. and Yang, Y. and Sun, B.-F. and Shi, Y. and Yang, X. and Xiao, W. and Hao, Y.-J. and Ping, X.-L. and Chen, Y.-S. and Wang, W.-J. and Jin, K.-X. and Wang, X. and Huang, C.-M. and Fu, Y. and Ge, X.-M. and Song, S.-H. and Jeong, H. S. and Yanagisawa, H. and Niu, Y. and Jia, G.-F. and Wu, W. and Tong, W.-M. and Okamoto, A. and He, C. and Danielsen, J. M. R. and Wang, X.-J. and Yang, Y.-G. and Liu, N. and Dai, Q. and Zheng, G. and He, C. and Parisien, M. and Pan, T. and Wang, X. and Zhao, B. S. and Roundtree, I. A. and Lu, Z. and Han, D. and Ma, H. and Weng, X. and Chen, K. and Shi, H. and He, C. and Alarc{\'{o}}n, C. R. and Lee, H. and Goodarzi, H. and Halberg, N. and Tavazoie, S. F. and Hoernes, T. P. and Clementi, N. and Faserl, K. and Glasner, H. and Breuker, K. and Lindner, H. and H{\"{u}}ttenhofer, A. and Erlacher, M. D. and Eichhorn, S. W. and Guo, H. and McGeary, S. E. and Rodriguez-Mias, R. A. and Shin, C. and Baek, D. and Hsu, S. H. and Ghoshal, K. and Vill{\'{e}}n, J. and Bartel, D. P. and Karijolich, J. and Yu, Y.-T. and Roost, C. and Lynch, S. R. and Batista, P. J. and Qu, K. and Chang, H. Y. and Kool, E. T. and Helm, M. and Wang, Z. and Burge, C. B. and Delatte, B. and Wang, F. and Ngoc, L. V. and Collignon, E. and Bonvin, E. and Deplus, R. and Calonne, E. and Hassabi, B. and Putmans, P. and Awe, S. and Wetzel, C. and Kreher, J. and Soin, R. and Creppe, C. and Limbach, P. A. and Gueydan, C. and Kruys, V. and Brehm, A. and Minakhina, S. and Defrance, M. and Steward, R. and Fuks, F. and Dominissini, D. and Nachtergaele, S. and Moshitch-Moshkovitz, S. and Peer, E. and Kol, N. and Ben-Haim, M. S. and Dai, Q. and Segni, A. Di and Salmon-Divon, M. and Clark, W. C. and Zheng, G. and Pan, T. and Solomon, O. and Eyal, E. and Hershkovitz, V. and Han, D. and Dor{\'{e}}, L. C. and Amariglio, N. and Rechavi, G. and He, C. and Li, X. and Xiong, X. and Wang, K. and Wang, L. and Shu, X. and Ma, S. and Yi, C.},
doi = {10.1126/science.aad8711},
file = {:Users/cochrabj/Library/Application Support/Mendeley Desktop/Downloaded/Gilbert et al. - 2016 - Messenger RNA modifications Form, distribution, and function.pdf:pdf},
issn = {1095-9203},
journal = {Science (New York, N.Y.)},
month = {jun},
number = {6292},
pages = {1408--12},
pmid = {27313037},
publisher = {American Association for the Advancement of Science},
title = {{Messenger RNA modifications: Form, distribution, and function.}},
url = {http://www.ncbi.nlm.nih.gov/pubmed/27313037},
volume = {352},
year = {2016}
}
