Automatically generated by Mendeley Desktop 1.17.12
Any changes to this file will be lost if it is regenerated by Mendeley.

BibTeX export options can be customized via Preferences -> BibTeX in Mendeley Desktop

@article{Yin2014,
author = {Yin, Hao and Kanasty, Rosemary L. and Eltoukhy, Ahmed A. and Vegas, Arturo J. and Dorkin, J. Robert and Anderson, Daniel G.},
doi = {10.1038/nrg3763},
issn = {1471-0056},
journal = {Nature Reviews Genetics},
month = {jul},
number = {8},
pages = {541--555},
publisher = {Nature Publishing Group},
title = {{Non-viral vectors for gene-based therapy}},
url = {http://www.nature.com/doifinder/10.1038/nrg3763},
volume = {15},
year = {2014}
}
