Automatically generated by Mendeley Desktop 1.17.12
Any changes to this file will be lost if it is regenerated by Mendeley.

BibTeX export options can be customized via Preferences -> BibTeX in Mendeley Desktop

@article{Lederberg1953,
author = {Lederberg, J. and Tatum, E. L.},
doi = {10.1126/science.118.3059.169},
file = {:Users/cochrabj/Library/Application Support/Mendeley Desktop/Downloaded/LEDERBERG, TATUM - 1953 - Sex in bacteria genetic studies, 1945-1952.pdf:pdf},
issn = {0036-8075},
journal = {Science},
keywords = {BACTERIA,GENETICS,SEX CHARACTERISTICS},
month = {aug},
number = {3059},
pages = {169--175},
pmid = {13076234},
publisher = {American Association for the Advancement of Science},
title = {{Sex in Bacteria: Genetic Studies, 1945-1952}},
url = {http://www.ncbi.nlm.nih.gov/pubmed/13076234 http://www.sciencemag.org/cgi/doi/10.1126/science.118.3059.169},
volume = {118},
year = {1953}
}
