Automatically generated by Mendeley Desktop 1.17.12
Any changes to this file will be lost if it is regenerated by Mendeley.

BibTeX export options can be customized via Preferences -> BibTeX in Mendeley Desktop

@article{Rebollo2012,
annote = {Can probably get much of what we need regarding TE's from here.},
author = {Rebollo, Rita and Romanish, Mark T. and Mager, Dixie L.},
doi = {10.1146/annurev-genet-110711-155621},
issn = {0066-4197},
journal = {Annual Review of Genetics},
month = {dec},
number = {1},
pages = {21--42},
title = {{Transposable Elements: An Abundant and Natural Source of Regulatory Sequences for Host Genes}},
url = {http://www.annualreviews.org/doi/abs/10.1146/annurev-genet-110711-155621},
volume = {46},
year = {2012}
}
