Automatically generated by Mendeley Desktop 1.17.12
Any changes to this file will be lost if it is regenerated by Mendeley.

BibTeX export options can be customized via Preferences -> BibTeX in Mendeley Desktop

@article{Kunkel2015,
annote = {Makes key distinction in abstract between mismatch recognition in replication and subsequent repair.},
author = {Kunkel, Thomas A. and Erie, Dorothy A.},
doi = {10.1146/annurev-genet-112414-054722},
issn = {0066-4197},
journal = {Annual Review of Genetics},
month = {nov},
number = {1},
pages = {291--313},
title = {{Eukaryotic Mismatch Repair in Relation to DNA Replication}},
url = {http://www.annualreviews.org/doi/10.1146/annurev-genet-112414-054722},
volume = {49},
year = {2015}
}
